@Misc{Clinton-is-is,
 author = {Clinton, Bill},
 title = {That depends on what the definition of "is" is.},
howpublished = {Interview}
}

@Misc{VV-IHP-talk,
 author = {Voevodsky, Vladimir},
 year = {2014},
 title = {Univalent Foundations - new type-theoretic foundations of mathematics},
 howpublished = {{s}lides from a talk at IHP, Paris, on April 22, 2014,
         available at \url{https://www.math.ias.edu/vladimir/sites/math.ias.edu.vladimir/files/2014_04_22_slides.pdf}}}

@Misc{VV-resizing,
 author = {Voevodsky, Vladimir},
 year = {2011},
 title = {{Resizing Rules - their use and semantic justification}},
 howpublished = {{s}lides from a talk available at \url{https://www.math.ias.edu/vladimir/sites/math.ias.edu.vladimir/files/2011_Bergen.pdf}}}

@Misc{Swansea-Shulman,
 author = {Shulman, Michael},
 year = {2012},
 title = {{Minicourse on Homotopy Type Theory}},
 howpublished = {{slides from a talk, available} at \url{http://home.sandiego.edu/~shulman/hottminicourse2012/}}}

@Misc{Foundations,
 AUTHOR = {Voevodsky, Vladimir},
 title = {{Foundations: Development of the univalent foundations of mathematics in Coq}},
 howpublished = {a Coq library of formalized proofs, available at \url{https://github.com/vladimirias/Foundations}}
 }

@Misc{UniMath,
    author = {Voevodsky, Vladimir and Ahrens, Benedikt and Grayson, Daniel and others},
    title = {{UniMath --- a computer-checked library of univalent mathematics}},
    howpublished = {{available} at \url{http://UniMath.org}}
 }

@Misc{Lean,
 title = {Lean theorem prover},
 howpublished = {a proof assistant together with a library of formalized proofs, available at \url{https://github.com/leanprover/lean}}}

@Misc{RedPRL,
 title = {{RedPRL}},
 howpublished = {a proof assistant for Computational Cubical Type Theory together with a library of formalized proofs, available at \url{http://www.redprl.org/}}}


@Misc{HoTT,
          title = {{The HoTT Library}},
          howpublished = {a Coq library of formalized proofs, available at \url{https://github.com/HoTT/HoTT}}
        }

@Misc{HoTT-Agda,
          title = {{Homotopy Type Theory in Agda}},
          howpublished = {an Agda library of formalized proofs, available at \url{https://github.com/HoTT/HoTT-Agda}}
        }


@article {UniMath2015,
    AUTHOR = {Voevodsky, Vladimir},
     TITLE = {An experimental library of formalized mathematics based on the
              univalent foundations},
   JOURNAL = {Math. Structures Comput. Sci.},
  FJOURNAL = {Mathematical Structures in Computer Science. A Journal in the
              Applications of Categorical, Algebraic and Geometric Methods
              in Computer Science},
    VOLUME = {25},
      YEAR = {2015},
    NUMBER = {5},
     PAGES = {1278--1294},
      ISSN = {0960-1295},
   MRCLASS = {68N18 (03B35)},
  MRNUMBER = {3340542},
       DOI = {10.1017/S0960129514000577},
       URL = {http://dx.doi.org/10.1017/S0960129514000577},


}




@inproceedings {MR0387023,
    AUTHOR = {Martin-L{\"o}f, Per},
     TITLE = {Hauptsatz for the intuitionistic theory of iterated inductive
              definitions},
 BOOKTITLE = {Proceedings of the {S}econd {S}candinavian {L}ogic {S}ymposium
              ({U}niv. {O}slo, {O}slo, 1970)},
     PAGES = {179--216. Studies in Logic and the Foundations of Mathematics,
              Vol. 63},
 PUBLISHER = {North-Holland, Amsterdam},
      YEAR = {1971},
   MRCLASS = {02D99 (02C15)},
  MRNUMBER = {0387023 (52 \#7870)},
MRREVIEWER = {Horst Luckhardt},
}
@incollection {MR0387009,
    AUTHOR = {Martin-L{\"o}f, Per},
     TITLE = {An intuitionistic theory of types: predicative part},
 BOOKTITLE = {Logic {C}olloquium '73 ({B}ristol, 1973)},
     PAGES = {73--118. Studies in Logic and the Foundations of Mathematics,
              Vol. 80},
 PUBLISHER = {North-Holland, Amsterdam},
      YEAR = {1975},
   MRCLASS = {02C15 (02D99)},
  MRNUMBER = {0387009 (52 \#7856)},
MRREVIEWER = {Horst Luckhardt},
}

@incollection {39,
    AUTHOR = {Voevodsky, Vladimir},
     TITLE = {Subsystems and regular quotients of {C}-systems},
 BOOKTITLE = {A panorama of mathematics: pure and applied; Conference on Mathematics and its Applications, (Kuwait City, 2014)},
    SERIES = {Contemp. Math.},
    VOLUME = {658},
     PAGES = {127--137},
 PUBLISHER = {Amer. Math. Soc., Providence, RI},
      YEAR = {2016},
   MRCLASS = {03B15 (03B22 03F50 03G25)},
  MRNUMBER = {3475277},
MRREVIEWER = {Krzysztof R. Kapulkin},
       URL = {https://doi-org.proxy2.library.illinois.edu/10.1090/conm/658/13124},
}


@Misc {mcall,
   AUTHOR = {McAllester, David},
   TITLE = {Morphoid Type Theory, A Typed Platonic Foundation for Mathematics},
    note = {\arxiv{1407.7274}}
   }

@Misc {42,
	title = {C-system of a module over a monad on sets},
	year = {2014},
	author = {Voevodsky, Vladimir},
	    note = {\arxiv{1407.3394}}
}

@Misc {40,
	title = {B-systems},
	year = {2014},
 note = {\arxiv{1410.5389}},
	author = {Voevodsky, Vladimir}
}

@Misc {104,
	title = {Products of families of types in the {C}-systems defined by a universe category},
	year = {2015},
    note = {\arxiv{1503.07072}},
	author = {Voevodsky, Vladimir}
}

@Misc {103,
	title = {Martin-{L}\"of identity types in the {C}-systems defined by a universe category},
	year = {2015},
	pages = {1--51},
    note = {\arxiv{1505.06446}},
	author = {Voevodsky, Vladimir}
}


@article {109,
    AUTHOR = {Voevodsky, Vladimir},
     TITLE = {A {C}-system defined by a universe category},
   JOURNAL = {Theory Appl. Categ.},
  FJOURNAL = {Theory and Applications of Categories},
    VOLUME = {30},
      YEAR = {2015},
      number = {37},
     PAGES = {1181--1215},
                      note = {\arxiv{1409.7925}},
      ISSN = {1201-561X},
   MRCLASS = {18Cxx (03G30)},
  MRNUMBER = {3402489},
  url = {http://www.tac.mta.ca/tac/volumes/30/37/30-37.pdf}
}

@article {110,
	title = {Lawvere theories and {J}f-relative monads},
	journal = {arXiv:1601.02158},
	year = {2016},
	pages = {1--21},
                      note = {\arxiv{1601.02158}},
	author = {Voevodsky, Vladimir}
}

@article {112,
    AUTHOR = {Voevodsky, Vladimir},
     TITLE = {Products of families of types and {$(\Pi,\lambda)$}-structures
              on {C}-systems},
   JOURNAL = {Theory Appl. Categ.},
  FJOURNAL = {Theory and Applications of Categories},
    VOLUME = {31},
      YEAR = {2016},
     PAGES = {Paper No. 36, 1044--1094},
      ISSN = {1201-561X},
   MRCLASS = {03F50 (03B15 18C50 18D15)},
  MRNUMBER = {3584698},
	url = {http://www.tac.mta.ca/tac/volumes/31/36/31-36.pdf},
MRREVIEWER = {Thomas Streicher},
}

@article {MR3607210,
    AUTHOR = {Voevodsky, Vladimir},
     TITLE = {The {$(\Pi, \lambda)$}-structures on the {C}-systems defined
              by universe categories},
   JOURNAL = {Theory Appl. Categ.},
  FJOURNAL = {Theory and Applications of Categories},
    VOLUME = {32},
      YEAR = {2017},
     PAGES = {Paper No. 4, 113--121},
      ISSN = {1201-561X},
   MRCLASS = {18C50 (03B15 03F50 18D15)},
  MRNUMBER = {3607210},
MRREVIEWER = {Thomas Streicher},
}



@article {MR3607209,
    AUTHOR = {Voevodsky, Vladimir},
     TITLE = {C-systems defined by universe categories: presheaves},
   JOURNAL = {Theory Appl. Categ.},
  FJOURNAL = {Theory and Applications of Categories},
    VOLUME = {32},
      YEAR = {2017},
     PAGES = {Paper No. 3, 53--112},
      ISSN = {1201-561X},
   MRCLASS = {18D15 (03F50)},
  MRNUMBER = {3607209},
}


@Misc{1211.2851,
    Author = {Kapulkin, Chris and Lumsdaine, Peter LeFanu},
    Title = {The {S}implicial {M}odel of {U}nivalent {F}oundations (after {V}oevodsky)},
    Year = {2012},
    note = {\arxiv{1211.2851}}
}
@Misc{1203.2553,
    Author = {Kapulkin, Chris and Lumsdaine, Peter LeFanu and Voevodsky, Vladimir},
    Title = {Univalence in Simplicial Sets},
    Year = {2012},
    note = {\arxiv{1203.2553}}
}


@Book{peano-principia,
                  author = {Peano, Giuseppe},
		  title = {Arithmetices principia: nova methodo},
		  publisher = {Fratres Bocca},
		  year = 1889,
                  url = {https://books.google.com/books?id=z80GAAAAYAAJ},
                  note = {See also \url{https://github.com/mdnahas/Peano_Book/} for a parallel translation by Vincent Verheyen}
		  }

@Book{hottbook,
  author =    {The {Univalent Foundations Program}},
  title =     {Homotopy Type Theory: Univalent Foundations of Mathematics},
  publisher = {\url{https://homotopytypetheory.org/book}},
  address =   {Institute for Advanced Study},
  year =      2013}

@Book{constructive-algebra,
  author =    {Mines, Ray and Richman, Fred and Ruitenburg Wim},
  title =     {A Course in Constructive Algebra},
  publisher = {Springer-Verlag},
  note =   {Relevant Exercise 5 on page 133},
  year =      1988}

@article {AwodeyBauer_prop_as_types,
    AUTHOR = {Awodey, Steven and Bauer, Andrej},
     TITLE = {Propositions as [types]},
   JOURNAL = {J. Logic Comput.},
  FJOURNAL = {Journal of Logic and Computation},
    VOLUME = {14},
      YEAR = {2004},
    NUMBER = {4},
     PAGES = {447--471},
      ISSN = {0955-792X},
   MRCLASS = {03B15 (03B20 03B45 18C50)},
  MRNUMBER = {2081047},
       DOI = {10.1093/logcom/14.4.447},
       URL = {http://dx.doi.org/10.1093/logcom/14.4.447},
}

@incollection {MLTT79,
    AUTHOR = {Martin-L\"of, Per},
     TITLE = {Constructive mathematics and computer programming},
 BOOKTITLE = {Logic, methodology and philosophy of science, {VI}
              ({H}annover, 1979)},
    SERIES = {Stud. Logic Found. Math.},
    VOLUME = {104},
     PAGES = {153--175},
 PUBLISHER = {North-Holland, Amsterdam},
      YEAR = {1982},
   MRCLASS = {03F50 (03B70 03F55 68Q45)},
  MRNUMBER = {682410},
MRREVIEWER = {B. H. Mayoh},
       DOI = {10.1016/S0049-237X(09)70189-2},
       URL = {http://dx.doi.org/10.1016/S0049-237X(09)70189-2},
}


@incollection {MR1678360,
    AUTHOR = {Makkai, M.},
     TITLE = {Towards a categorical foundation of mathematics},
 BOOKTITLE = {Logic {C}olloquium '95 ({H}aifa)},
    SERIES = {Lecture Notes Logic},
    VOLUME = {11},
     PAGES = {153--190},
 PUBLISHER = {Springer, Berlin},
      YEAR = {1998},
   MRCLASS = {03B15 (00A30 03A05 03G30 18A15 18D05)},
  MRNUMBER = {1678360},
MRREVIEWER = {Peter Johnstone},
       DOI = {10.1007/978-3-662-22108-2_11},
       URL = {http://dx.doi.org/10.1007/978-3-662-22108-2_11},
}

@article {MR2463991,
    AUTHOR = {Gonthier, Georges},
     TITLE = {Formal proof---the four-color theorem},
   JOURNAL = {Notices Amer. Math. Soc.},
  FJOURNAL = {Notices of the American Mathematical Society},
    VOLUME = {55},
      YEAR = {2008},
    NUMBER = {11},
     PAGES = {1382--1393},
      ISSN = {0002-9920},
   MRCLASS = {05C15 (68T15)},
  MRNUMBER = {2463991},
MRREVIEWER = {Solomon Marcus},
}


@article {MR1506041,
    AUTHOR = {Russell, Bertrand},
     TITLE = {Mathematical {L}ogic as {B}ased on the {T}heory of {T}ypes},
   JOURNAL = {Amer. J. Math.},
  FJOURNAL = {American Journal of Mathematics},
    VOLUME = {30},
      YEAR = {1908},
    NUMBER = {3},
     PAGES = {222--262},
      ISSN = {0002-9327},
   MRCLASS = {DML},
  MRNUMBER = {1506041},
       DOI = {10.2307/2369948},
       URL = {http://dx.doi.org/10.2307/2369948},
}

@book {russell-intro-mp,
    AUTHOR = {Russell, Bertrand},
     TITLE = {Introduction to mathematical philosophy},
   EDITION = {2\nd Ed.},
 PUBLISHER = {Dover Publications, Inc., New York},
      YEAR = {1993},
     PAGES = {viii+208},
}

@article {bernays-7,
    AUTHOR = {Bernays, Paul},
     TITLE = {A system of axiomatic set theory. {VII}},
   JOURNAL = {J. Symb. Logic},
  FJOURNAL = {The Journal of Symbolic Logic},
    VOLUME = {19},
      YEAR = {1954},
     PAGES = {81--96},
      ISSN = {0022-4812},
   MRCLASS = {02.0X},
  MRNUMBER = {0066320},
MRREVIEWER = {O. Frink},
}

@article {bernays-6,
    AUTHOR = {Bernays, Paul},
     TITLE = {A system of axiomatic set theory. {VI}},
   JOURNAL = {J. Symbolic Logic},
  FJOURNAL = {The Journal of Symbolic Logic},
    VOLUME = {13},
      YEAR = {1948},
     PAGES = {65--79},
      ISSN = {0022-4812},
   MRCLASS = {02.0X},
  MRNUMBER = {0025421},
MRREVIEWER = {O. Frink},
       DOI = {10.2307/2267328},
       URL = {http://dx.doi.org/10.2307/2267328},
}

@article {bernays-5,
    AUTHOR = {Bernays, Paul},
     TITLE = {A system of axiomatic set theory. {V}. {G}eneral set theory},
   JOURNAL = {J. Symbolic Logic},
  FJOURNAL = {The Journal of Symbolic Logic},
    VOLUME = {8},
      YEAR = {1943},
     PAGES = {89--106},
      ISSN = {0022-4812},
   MRCLASS = {02.0X},
  MRNUMBER = {0009761},
MRREVIEWER = {O. Frink},
       DOI = {10.2307/2271051},
       URL = {http://dx.doi.org/10.2307/2271051},
}

@article {bernays-4,
    AUTHOR = {Bernays, Paul},
     TITLE = {A system of axiomatic set theory},
   JOURNAL = {J. Symbolic Logic},
  FJOURNAL = {The Journal of Symbolic Logic},
    VOLUME = {7},
      YEAR = {1942},
     PAGES = {133--145},
      ISSN = {0022-4812},
   MRCLASS = {02.0X},
  MRNUMBER = {0007731},
MRREVIEWER = {O. Frink},
       DOI = {10.2307/2268110},
       URL = {http://dx.doi.org/10.2307/2268110},
}

@article {bernays-3,
    AUTHOR = {Bernays, Paul},
     TITLE = {A system of axiomatic set theory. {III}. {I}nfinity and
              enumerability. {A}nalysis},
   JOURNAL = {J. Symbolic Logic},
  FJOURNAL = {The Journal of Symbolic Logic},
    VOLUME = {7},
      YEAR = {1942},
     PAGES = {65--89},
      ISSN = {0022-4812},
   MRCLASS = {02.0X},
  MRNUMBER = {0006333},
MRREVIEWER = {O. Frink},
       DOI = {10.2307/2266303},
       URL = {http://dx.doi.org/10.2307/2266303},
}

@article {bernays-2,
    AUTHOR = {Bernays, Paul},
     TITLE = {A system of axiomatic set theory. {P}art {II}},
   JOURNAL = {J. Symbolic Logic},
  FJOURNAL = {The Journal of Symbolic Logic},
    VOLUME = {6},
      YEAR = {1941},
     PAGES = {1--17},
      ISSN = {0022-4812},
   MRCLASS = {02.0X},
  MRNUMBER = {0003382},
MRREVIEWER = {H. B. Curry},
       DOI = {10.2307/2267281},
       URL = {http://dx.doi.org/10.2307/2267281},
}
@article {bernays-1,
    AUTHOR = {Bernays, Paul},
     TITLE = {A system of axiomatic set theory. {P}art {I}},
   JOURNAL = {J. Symbolic Logic},
  FJOURNAL = {The Journal of Symbolic Logic},
    VOLUME = {2},
      YEAR = {1937},
     PAGES = {65--77},
       DOI = {10.2307/2268862},
       http = {URL://dx.doi.org/10.2307/2268862},
}

@Misc{Coq,
  author = {The {Coq Development Team}},
  title = {The Coq Proof Assistant},
  howpublished = {Available at \url{https://coq.inria.fr/}}
}

@Misc{1610.04591,
    Author = {Bauer, Andrej and Gross, Jason and Lumsdaine, Peter LeFanu and Shulman, Mike and Sozeau, Matthieu and Spitters, Bas},
    Title = {{The HoTT Library: A formalization of homotopy type theory in Coq}},
    Year = {2016},
    note = {\arxiv{1610.04591}},
}

@article {IMGelfand,
    AUTHOR = {Beilinson, A.},
     TITLE = {I. {M}. {G}elfand and his seminar---a presence},
   JOURNAL = {Notices Amer. Math. Soc.},
  FJOURNAL = {Notices of the American Mathematical Society},
    VOLUME = {63},
      YEAR = {2016},
    NUMBER = {3},
     PAGES = {295--298},
      ISSN = {0002-9920},
    note = {\arxiv{1505.00710}},
   MRCLASS = {01A70},
  MRNUMBER = {3445168},
       URL = {https://doi-org.proxy2.library.illinois.edu/10.1090/noti1337},
}

@Misc{1605.03227,
    Author = {Hou, Kuen-Bang Hou (Favonia) and Finster, Eric and Licata, Dan and Lumsdaine, Peter LeFanu},
    Title = {{A mechanization of the Blakers-Massey connectivity theorem in Homotopy Type Theory}},
    Year = {2016},
    note = {\arxiv{1605.03227}},
}


@Misc{RezkBM,
    Author = {Rezk, Charles},
    Title = {{Proof of the Blakers-Massey Theorem}},
    note = {Available at \url{https://faculty.math.illinois.edu/~rezk/freudenthal-and-blakers-massey.pdf}},
}


@Misc{1703.09050,
    Author = {Anel, Mathieu and Biedermann, Georg and Finster, Eric and Joyal, Andr\'e},
    Title = {{A Generalized Blakers-Massey Theorem}},
    Year = {2017},
    note = {\arxiv{1703.09050}},
}
@Misc{1703.09632,
    Author = {Anel, Mathieu and Biedermann, Georg and Finster, Eric and Joyal, Andr\'e},
    Title = {{Goodwillie's Calculus of Functors and Higher Topos Theory}},
    Year = {2017},
    note = {\arxiv{1703.09632}},
}


@Misc{1709.09519,
    Author = {Kapulkin, Chris and Szumiło, Karol},
    Title = {{Internal Language of Finitely Complete $(\infty,1)$-categories}},
    Year = {2017},
    note = {\arxiv{1709.09519}},
}
@Misc{1610.00037,
    Author = {Kapulkin, Chris and Lumsdaine, Peter LeFanu},
    Title = {{The homotopy theory of type theories}},
    Year = {2016},
    note = {\arxiv{1610.00037}},
}

@Misc{1606.05916,
    Author = {Brunerie, Guillaume},
    Title = {{On the homotopy groups of spheres in homotopy type theory}},
    Year = {2016},
    note = {{Ph.D.} thesis, \arxiv{1606.05916}},
}
@Misc{1710.10307,
    Author = {Brunerie, Guillaume},
    Title = {{The James construction and $\pi_4(\mathbb{S}^3)$ in homotopy type theory}},
    Year = {2017},
    note = {\arxiv{1710.10307}, accepted for publication in the Journal of Automated Reasoning},
}

@Misc{cubicaltt,
 author = {Cohen, Cyril and Coquand, Thierry and Huber, Simon and M\"ortberg, Anders},
 howpublished = {the proof assistant {\tt cubical}, written in Haskell, available at \url{https://github.com/mortberg/cubicaltt}},
 title = {Experimental implementation of Cubical Type Theory}
 }

@article{1611.02108,
  author = {Cohen, Cyril and Coquand, Thierry and Huber, Simon and M\"ortberg, Anders},
  title  = {{Cubical Type Theory: a constructive interpretation of the univalence axiom}},
  note   = {To appear in the post-proceedings of TYPES 2015. Preprint avaiable at https://arxiv.org/abs/1611.02108},
  year   = 2015,
}

@Misc{1705.07088,
    Author = {Lumsdaine, Peter LeFanu and Shulman, Mike},
    Title = {{Semantics of higher inductive types}},
    Year = {2017},
    note = {\arxiv{1705.07088}},
}

@Misc{1703.03007,
    Author = {Shulman, Michael},
    Title = {{Homotopy type theory: the logic of space}},
    Year = {2017},
    note = {\arxiv{1703.03007}},
}

@InCollection{Shulman-synthetic,
  author	= {Shulman, Michael},
  title		= {Homotopy type theory: a synthetic approach to higher
		  equalities},
  booktitle	= {Categories for the working philosopher},
  pages		= {36--57},
  publisher	= {Oxford Univ. Press, Oxford},
  year		= {2017},
  eprint  = {1601.05035},
  eprinttype = {arxiv}
}

@article {0709.0248,
    AUTHOR = {Awodey, Steve and Warren, Michael A.},
     TITLE = {Homotopy theoretic models of identity types},
   JOURNAL = {Math. Proc. Cambridge Philos. Soc.},
  FJOURNAL = {Mathematical Proceedings of the Cambridge Philosophical
              Society},
    VOLUME = {146},
      YEAR = {2009},
    NUMBER = {1},
     PAGES = {45--55},
      ISSN = {0305-0041},
   MRCLASS = {03B15 (03B35 18G99 55U35)},
  MRNUMBER = {2461866},
    note = {\arxiv{0709.0248}},
MRREVIEWER = {Richard F. Blute},
       URL = {https://doi-org.proxy2.library.illinois.edu/10.1017/S0305004108001783},
}

@Article{	  Shulman-Real-Cohesive,
  title		= {Brouwer's fixed-point theorem in real-cohesive homotopy
		  type theory},
  volume	= {28},
  doi		= {10.1017/S0960129517000147},
  number	= {6},
  journal	= {Mathematical Structures in Computer Science},
  publisher	= {Cambridge University Press},
  author	= {Shulman, Michael},
  year		= {2018},
  pages		= {856–941},
  eprint        = {1509.07584},
  eprinttype    = {arXiv}
}

@incollection {MR0274219,
    AUTHOR = {de Bruijn, N. G.},
     TITLE = {The mathematical language {AUTOMATH}, its usage, and some of
              its extensions},
 BOOKTITLE = {Symposium on {A}utomatic {D}emonstration ({V}ersailles, 1968)},
     PAGES = {29--61},
 PUBLISHER = {Lecture Notes in Mathematics, Vol. 125. Springer, Berlin},
      YEAR = {1970},
   MRCLASS = {94.40},
  MRNUMBER = {0274219},
MRREVIEWER = {T. Rus},
}

@article {MR3363596,
    AUTHOR = {Coquand, Thierry},
     TITLE = {Th\'eorie des types d\'ependants et axiome d'univalence},
   JOURNAL = {Ast\'erisque},
  FJOURNAL = {Ast\'erisque},
    NUMBER = {367-368},
      YEAR = {2015},
     PAGES = {Exp. No. 1085, x, 367--386},
      ISSN = {0303-1179},
      ISBN = {978-2-85629-804-6},
   MRCLASS = {03B15 (18B40 55U40)},
  MRNUMBER = {3363596},
MRREVIEWER = {Luca Paolini},
}

@incollection {MR3566711,
    AUTHOR = {Hou, Kuen-Bang and Shulman, Michael},
     TITLE = {The {S}eifert--van {K}ampen theorem in homotopy type theory},
 BOOKTITLE = {Computer science logic 2016},
    SERIES = {LIPIcs. Leibniz Int. Proc. Inform.},
    VOLUME = {62},
     PAGES = {Art. No. 22, 16},
 PUBLISHER = {Schloss Dagstuhl. Leibniz-Zent. Inform., Wadern},
      YEAR = {2016},
   MRCLASS = {55U35 (03B40 18G30 68N18)},
  MRNUMBER = {3566711},
}

@article {MR3340533,
    AUTHOR = {Ahrens, Benedikt and Kapulkin, Krzysztof and Shulman, Michael},
     TITLE = {Univalent categories and the {R}ezk completion},
   JOURNAL = {Math. Structures Comput. Sci.},
  FJOURNAL = {Mathematical Structures in Computer Science. A Journal in the
              Applications of Categorical, Algebraic and Geometric Methods
              in Computer Science},
    VOLUME = {25},
      YEAR = {2015},
    NUMBER = {5},
     PAGES = {1010--1039},
      ISSN = {0960-1295},
   MRCLASS = {18B99 (03B15)},
  MRNUMBER = {3340533},
MRREVIEWER = {Thomas Streicher},
       URL = {https://doi-org.proxy2.library.illinois.edu/10.1017/S0960129514000486},
}

@incollection {MR3323808,
    AUTHOR = {Licata, Daniel R. and Shulman, Michael},
     TITLE = {Calculating the fundamental group of the circle in homotopy
              type theory},
 BOOKTITLE = {2013 28th {A}nnual {ACM}/{IEEE} {S}ymposium on {L}ogic in
              {C}omputer {S}cience ({LICS} 2013)},
     PAGES = {223--232},
 PUBLISHER = {IEEE Computer Soc., Los Alamitos, CA},
      YEAR = {2013},
   MRCLASS = {03B15 (55U40)},
  MRNUMBER = {3323808},
MRREVIEWER = {Thomas John Hunter},
}

@incollection {MR3281415,
    AUTHOR = {Bezem, Marc and Coquand, Thierry and Huber, Simon},
     TITLE = {A model of type theory in cubical sets},
 BOOKTITLE = {19th {I}nternational {C}onference on {T}ypes for {P}roofs and
              {P}rograms},
    SERIES = {LIPIcs. Leibniz Int. Proc. Inform.},
    VOLUME = {26},
     PAGES = {107--128},
 PUBLISHER = {Schloss Dagstuhl. Leibniz-Zent. Inform., Wadern},
      YEAR = {2014},
   MRCLASS = {03B15},
  MRNUMBER = {3281415},
}

@Article{	  Tsem1,
  author	= "Tsementzis, D.",
  title		= "Univalent foundations as structuralist foundations",
  journal	= "Synthese",
  year		= "2017",
  month		= "Sep",
  day		= "01",
  volume	= "194",
  number	= "9",
  pages		= "3583--3617",
  doi		= "10.1007/s11229-016-1109-x"
}

@article{Tsem2,
author = {Tsementzis, D.},
title = {What is a Higher-Level Set?†},
journal = {Philosophia Mathematica},
note= {(forthcoming), {Available at \url{https://academic.oup.com/philmat/article-abstract/2895117/What-is-a-Higher-Level-Set}}},
volume = {},
number = {},
pages = {},
year = {2017},
doi = {10.1093/philmat/nkw032},
URL = { + http://dx.doi.org/10.1093/philmat/nkw032},
eprint = {/oup/backfile/content_public/journal/philmat/pap/10.1093_philmat_nkw032/2/nkw032.pdf},
}

@article{Tsem3,
  title={Foundations and Philosophy},
  author={Tsementzis, D. and Halvorson, H.},
  journal={Philosopher's Imprint (forthcoming)},
  note={Available at \url{http://philsci-archive.pitt.edu/13504/}},
  year={2017}
}

@article{Tsem4,
  title={A Meaning Explanation for HoTT},
  author={Tsementzis, D.},
  note={Available at \url{http://philsci-archive.pitt.edu/12824/}},
  year={2016}
}

@Misc {harper-et-al-1,
   AUTHOR = {Angiuli, Carlo and Harper, Robert and Wilson, Todd},
   TITLE = {{Computational higher type theory I: Abstract cubical realizability}},
   year = {2016},
    note = {\arxiv{1604.08873}}
   }

@Misc {harper-et-al-2,
   AUTHOR = {Angiuli, Carlo and Harper, Robert},
   TITLE = {{Computational higher type theory II: Dependent cubical realizability}},
   year = {2016},
    note = {\arxiv{1606.09638}}
   }

@Misc {harper-et-al-3,
   AUTHOR = {Angiuli, Carlo and Hou, Kuen-Bang and Harper, Robert},
   TITLE = {{Computational Higher Type Theory III: Univalent Universes and Exact Equality}},
   year = {2017},
    note = {\arxiv{1712.01800}}
   }

@Misc {harper-et-al-4,
   AUTHOR = {Cavallo, Evan and Harper, Robert},
   TITLE = {{Computational Higher Type Theory IV: Inductive Types}},
   year = {2018},
    note = {\arxiv{1801.01568}}
   }

@Misc {cart-cube,
  author = {Angiuli, Carlo and Brunerie, Guillaume and Coquand, Thierry and Hou, Kuen-Bang and Harper, Robert and Licata, Daniel R.},
  title = {{Cartesian Cubical Type Theory}},
  year = {2017},
  note = {{a}vailable at \url{https://github.com/dlicata335/cart-cube/raw/master/cart-cube.pdf}}}

@article{10.2307/986491,
 ISSN = {0003049X},
 URL = {http://www.jstor.org/stable/986491},
 author = {Kenneth I. Appel},
 journal = {Proceedings of the American Philosophical Society},
 number = {1},
 pages = {35-39},
 publisher = {American Philosophical Society},
 title = {The Use of the Computer in the Proof of the Four Color Theorem},
 volume = {128},
 year = {1984}
}

@article {MR0543793,
    AUTHOR = {Appel, K. and Haken, W. and Koch, J.},
     TITLE = {Every planar map is four colorable. {II}. {R}educibility},
   JOURNAL = {Illinois J. Math.},
  FJOURNAL = {Illinois Journal of Mathematics},
    VOLUME = {21},
      YEAR = {1977},
    NUMBER = {3},
     PAGES = {491--567},
      ISSN = {0019-2082},
   MRCLASS = {05C15},
  MRNUMBER = {0543793},
MRREVIEWER = {Frank Allaire},
       URL = {http://projecteuclid.org/euclid.ijm/1256049012},
}

@article {MR0543792,
    AUTHOR = {Appel, K. and Haken, W.},
     TITLE = {Every planar map is four colorable. {I}. {D}ischarging},
   JOURNAL = {Illinois J. Math.},
  FJOURNAL = {Illinois Journal of Mathematics},
    VOLUME = {21},
      YEAR = {1977},
    NUMBER = {3},
     PAGES = {429--490},
      ISSN = {0019-2082},
   MRCLASS = {05C15},
  MRNUMBER = {0543792},
MRREVIEWER = {Frank Allaire},
       URL = {http://projecteuclid.org/euclid.ijm/1256049011},
}

@InProceedings{10.1007/978-3-642-39634-2_14,
author="Gonthier, Georges
and Asperti, Andrea
and Avigad, Jeremy
and Bertot, Yves
and Cohen, Cyril
and Garillot, Fran{\c{c}}ois
and Le Roux, St{\'e}phane
and Mahboubi, Assia
and O'Connor, Russell
and Ould Biha, Sidi
and Pasca, Ioana
and Rideau, Laurence
and Solovyev, Alexey
and Tassi, Enrico
and Th{\'e}ry, Laurent",
editor="Blazy, Sandrine
and Paulin-Mohring, Christine
and Pichardie, David",
title="A Machine-Checked Proof of the Odd Order Theorem",
booktitle="Interactive Theorem Proving",
year="2013",
publisher="Springer Berlin Heidelberg",
address="Berlin, Heidelberg",
pages="163--179",
abstract="This paper reports on a six-year collaborative effort that culminated in a complete formalization of a proof of the Feit-Thompson Odd Order Theorem in the Coq proof assistant. The formalized proof is constructive, and relies on nothing but the axioms and rules of the foundational framework implemented by Coq. To support the formalization, we developed a comprehensive set of reusable libraries of formalized mathematics, including results in finite group theory, linear algebra, Galois theory, and the theories of the real and complex algebraic numbers.",
isbn="978-3-642-39634-2"
}


@article{kepler,
  title={{A formal proof of the Kepler conjecture}},
  volume={5}, DOI={10.1017/fmp.2017.1}, journal={Forum of Mathematics, Pi}, publisher={Cambridge University Press},
  author={Hales, Thomas and Adams, Mark and Bauer, Gertrud and Dang, Dat Tat and Harrison, John and Hoang, Truong Le and Kaliszyk, Cezary and Magron, Victor and Mclaughlin, Sean and Nguyen, Thang Tat and others},
  year={2017},
  pages={e2}
}

@InProceedings{CPP16p122,
  author = {van Doorn, Floris},
  title     = {{Constructing the Propositional Truncation using Non-recursive HITs}},
  booktitle = {Proc.\ Certified Proofs and Programs (CPP), 2016},
  publisher = {ACM},
  pages     = {122--129},
  doi       = {10.1145/2854065.2854076},
  year      = {2016},
  note = {\arxiv{1512.02274}}
}

@Misc{1802.01170,
 title = {{On Higher Inductive Types in Cubical Type Theory}},
 author = {Thierry, Coquand and Huber, Simon and M\"ortberg, Anders},
 year = {2018},
 note = {\arxiv{1802.01170}}}

@Misc{1802.02191,
 title = {{Cellular Cohomology in Homotopy Type Theory}},
 author = {Buchholtz, Ulrik and Hou, Kuen-Bang (Favonia)},
 year = {February, 2018},
 note = {\arxiv{1802.02191}}}

@Unpublished{     BCFR,
  Author =	 {Buchholtz, Ulrik and Christensen, J. Daniel and Flaten, Jarl
                  G. Taxerås and Rijke, Egbert},
  Title =	 {Central {H}-spaces and banded types},
  ArchivePrefix ={arXiv},
  EPrint =	 {2301.02636},
  Year =	 2023
}

@article{Kleiner-group-survey,
    AUTHOR = {Kleiner, Israel},
     TITLE = {The evolution of group theory: a brief survey},
   JOURNAL = {Math. Mag.},
  FJOURNAL = {Mathematics Magazine},
    VOLUME = {59},
      YEAR = {1986},
    NUMBER = {4},
     PAGES = {195--215},
       DOI = {10.2307/2690312}
}

@article{Hawkins-Klein-EP,
    AUTHOR = {Hawkins, Thomas},
     TITLE = {The {\it {E}rlanger {P}rogramm} of {F}elix {K}lein:
              reflections on its place in the history of mathematics},
   JOURNAL = {Historia Math.},
  FJOURNAL = {Historia Mathematica},
    VOLUME = {11},
      YEAR = {1984},
    NUMBER = {4},
     PAGES = {442--470},
       DOI = {10.1016/0315-0860(84)90028-4}
}

@article {Klein-EP-en,
    AUTHOR = {Klein, Felix},
     TITLE = {A comparative review of recent researches in geometry},
   JOURNAL = {Bull. Amer. Math. Soc.},
  FJOURNAL = {Bulletin of the American Mathematical Society},
    VOLUME = {2},
      YEAR = {1893},
    NUMBER = {10},
     PAGES = {215--249},
       DOI = {10.1090/S0002-9904-1893-00147-X}
}

@article {Klein-EP-de,
    AUTHOR = {Klein, Felix},
     TITLE = {Vergleichende {B}etrachtungen \"{u}ber neuere geometrische
              {F}orschungen},
   JOURNAL = {Math. Ann.},
  FJOURNAL = {Mathematische Annalen},
    VOLUME = {43},
      YEAR = {1893},
    NUMBER = {1},
     PAGES = {63--100},
       DOI = {10.1007/BF01446615},
    langid = {ngerman}
}

@book{Wussing-genesis,
    AUTHOR = {Wussing, Hans},
     TITLE = {The genesis of the abstract group concept},
      NOTE = {A contribution to the history of the origin of abstract group
              theory,
              Translated from the German by Abe Shenitzer and Hardy Grant},
 PUBLISHER = {MIT Press, Cambridge, MA},
      YEAR = {1984},
     PAGES = {331}
}

@article{Le-premises,
    AUTHOR = {L\^{e}, Fran\c{c}ois},
     TITLE = {``{G}eometrical equations'': forgotten premises of {F}elix
              {K}lein's {\it {E}rlanger {P}rogramm}},
   JOURNAL = {Historia Math.},
  FJOURNAL = {Historia Mathematica},
    VOLUME = {42},
      YEAR = {2015},
    NUMBER = {3},
     PAGES = {315--342},
       DOI = {10.1016/j.hm.2014.11.002}
}


@Misc{circlerec-Dan,
 author = {Grayson, Dan},
 howpublished = {\url{https://github.com/UniMath/UniMath/blob/master/UniMath/SyntheticHomotopyTheory/Circle.v}},
 title = {The file containing the proof of circle recursion}
 }

@Misc{circleind-Dan,
 author = {Grayson, Dan},
 title = {The file containing the proof of circle induction},
 howpublished = {\url{https://github.com/UniMath/UniMath/blob/master/UniMath/SyntheticHomotopyTheory/Circle2.v}},
 }

@Misc{circleind-Dan-theorem,
 author = {Grayson, Dan},
 title = {The statement and proof of the circle induction theorem, a snapshot},
 howpublished = {\url{https://github.com/UniMath/UniMath/blob/d5e570ba972bca92ec6b9023e5166034b0d79654/UniMath/SyntheticHomotopyTheory/Circle2.v\#L268}},
 }

@Misc{circleind-Mike,
 author = {Shulman, Mike},
 howpublished = {\url{https://groups.google.com/d/msg/homotopytypetheory/hE1eY-v_Kes/bdSoAxC9224J}},
 title = {Proof sketch of circle induction}
 }

@Misc{		  Rijke-Join,
  title		= {The join construction},
  author	= {Egbert Rijke},
  year		= {2017},
  eprint	= {1701.07538},
  archiveprefix	= {arXiv}
}

@Misc{            Rijke-Intro,
  Author          = {Egbert Rijke},
  Title           = {Introduction to Homotopy Type Theory},
  Year            = {2022},
  Note            = {Forthcoming book with CUP. Version from 06/02/22}
}

@Book{		  Toth-FMG,
  author	= {Toth, Gabor},
  title		= {Finite {M}\"{o}bius groups, minimal immersions of spheres,
		  and moduli},
  series	= {Universitext},
  publisher	= {Springer-Verlag, New York},
  year		= {2002},
  pages		= {xvi+317},
  isbn		= {0-387-95323-X},
  doi		= {10.1007/978-1-4613-0061-8}
}

@Book{		  Klein-Ikosaeder,
  author	= {Klein, Felix},
  title		= {Vorlesungen \"{u}ber das {I}kosaeder und die
		  {A}ufl\"{o}sung der {G}leichungen vom f\"{u}nften {G}rade},
  note		= {Reprint of the 1884 original, Edited, with an introduction
		  and commentary by Peter Slodowy},
  publisher	= {Birkh\"{a}user Verlag, Basel; B. G. Teubner, Stuttgart},
  year		= {1993},
  pages		= {xxviii+viii+343},
  isbn		= {3-7643-2454-6},
  doi		= {10.1007/978-3-0348-8594-2}
}

@Book{		  Klein-Icosahedron,
  author	= {Klein, Felix},
  title		= {Lectures on the icosahedron and the solution of equations
		  of the fifth degree},
  edition	= {Rev. Ed.},
  note		= {Translated into English by George Gavin Morrice},
  publisher	= {Dover Publications, Inc., New York, N.Y.},
  year		= {1956},
  pages		= {xvi+289}
}

@Book{		  Carter-VGT,
  author	= {Carter, Nathan C.},
  title		= {Visual group theory},
  series	= {Classroom Resource Materials Series},
  publisher	= {Mathematical Association of America, Washington, DC},
  year		= {2009},
  pages		= {xiv+297},
  isbn		= {978-0-88385-757-1}
}

@InCollection{	  Slodowy-Ikosaeder,
  author	= {Slodowy, P.},
  title		= {Das {I}kosaeder und die {G}leichungen f\"{u}nften
		  {G}rades},
  booktitle	= {Arithmetik und {G}eometrie},
  series	= {Math. Miniaturen},
  volume	= {3},
  pages		= {71--113},
  publisher	= {Birkh\"{a}user, Basel},
  year		= {1986}
}

@Book{		  CBGS,
  author	= {Conway, John H. and Burgiel, Heidi and Goodman-Strauss,
		  Chaim},
  title		= {The symmetries of things},
  publisher	= {A K Peters, Ltd., Wellesley, MA},
  year		= {2008},
  pages		= {xviii+426},
  isbn		= {978-1-56881-220-5; 1-56881-220-5}
}

@InCollection{	  Serre-EI,
  author	= {Serre, Jean-Pierre},
  title		= {Extensions icosa\'{e}driques},
  booktitle	= {Seminar on {N}umber {T}heory, 1979--1980 ({F}rench)},
  pages		= {Exp. No. 19, 7},
  publisher	= {Univ. Bordeaux I, Talence},
  year		= {1980}
}

@Article{	  Pruefer-AG,
  author	= {Pr\"{u}fer, Heinz},
  title		= {Theorie der {A}belschen {G}ruppen},
  journal	= {Math. Z.},
  fjournal	= {Mathematische Zeitschrift},
  volume	= {20},
  year		= {1924},
  number	= {1},
  pages		= {165--187},
  doi		= {10.1007/BF01188079},
  langid        = {ngerman}
}

@InCollection{    Baez-Shulman,
  author        = {Baez, John C. and Shulman, Michael},
  title         = {Lectures on {$n$}-categories and cohomology},
  booktitle     = {Towards higher categories},
  series        = {IMA Vol. Math. Appl.},
  volume        = {152},
  pages         = {1--68},
  publisher     = {Springer, New York},
  year          = {2010},
  doi           = {10.1007/978-1-4419-1524-5_1},
  eprint        = {math/0608420},
  eprinttype    = {arXiv}
}

@Article{	  Brouwer-1908,
  author	= {van Atten, Mark and Sundholm, Göran},
  title		= {{L.E.J.\ Brouwer's} `{Unreliability} of the Logical
		  Principles\: A New Translation, with an Introduction},
  journal	= {History and Philosophy of Logic},
  volume	= {38},
  number	= {1},
  pages		= {24-47},
  year		= {2017},
  publisher	= {Taylor & Francis},
  doi		= {10.1080/01445340.2016.1210986},
  eprint        = {1511.01113},
  eprinttype	= {arXiv}
}

@Book{		  Jordan,
  author	= {Jordan, Camille},
  title		= {Trait\'{e} des substitutions et des \'{e}quations
		  alg\'{e}briques},
  series	= {Les Grands Classiques Gauthier-Villars},
  note		= {Reprint of the 1870 original},
  publisher	= {\'{E}ditions Jacques Gabay, Sceaux},
  year		= {1989},
  pages		= {xvi+670}
}

@Article{	  Coxeter12pts,
  author	= {Coxeter, H. S. M.},
  title		= {Twelve points in {${\rm PG}(5,\,3)$} with {$95040$}
		  self-transformations},
  journal	= {Proc. Roy. Soc. London Ser. A},
  fjournal	= {Proceedings of the Royal Society. London. Series A.
		  Mathematical, Physical and Engineering Sciences},
  volume	= {247},
  year		= {1958},
  pages		= {279--293},
  doi		= {10.1098/rspa.1958.0184},
}

@Article{	  Sylvester1844,
  author	= {Sylvester, J. J.},
  title		= {Elementary researches in the analysis of combinatorial
		  aggregation},
  journal	= {Philosophical Magazine},
  volume	= {24},
  date		= {1844},
  pages		= {285--296},
  url		= {https://math.ucr.edu/home/baez/mathematical/sylvester_combinatorial_aggregation.pdf}
}

@Book{		  Serre1977,
  author	= {Serre, Jean-Pierre},
  title		= {Arbres, amalgames, {${\rm SL}_{2}$}},
  note		= {Avec un sommaire anglais, R\'{e}dig\'{e} avec la
		  collaboration de Hyman Bass, Ast\'{e}risque, No. 46},
  publisher	= {Soci\'{e}t\'{e} Math\'{e}matique de France, Paris},
  year		= {1977},
  pages		= {189 pp. (1 plate)}
}

@Book{		  Serre-Trees,
  author	= {Serre, Jean-Pierre},
  title		= {Trees},
  series	= {Springer Monographs in Mathematics},
  note		= {Translated from the French original by John Stillwell,
		  Corrected 2nd printing of the 1980 English translation},
  publisher	= {Springer-Verlag, Berlin},
  year		= {2003},
  pages		= {x+142}
}

@InCollection{	  Stallings1991,
  author	= {Stallings, John R.},
  title		= {Foldings of {$G$}-trees},
  booktitle	= {Arboreal group theory ({B}erkeley, {CA}, 1988)},
  series	= {Math. Sci. Res. Inst. Publ.},
  volume	= {19},
  pages		= {355--368},
  publisher	= {Springer, New York},
  year		= {1991},
  doi		= {10.1007/978-1-4612-3142-4_14}
}

@Article{	  Stallings1983,
  author	= {Stallings, John R.},
  title		= {Topology of finite graphs},
  journal	= {Invent. Math.},
  fjournal	= {Inventiones Mathematicae},
  volume	= {71},
  year		= {1983},
  number	= {3},
  pages		= {551--565},
  doi		= {10.1007/BF02095993}
}

@Article{	  KapovichMyasnikov2002,
  author	= {Kapovich, Ilya and Myasnikov, Alexei},
  title		= {Stallings foldings and subgroups of free groups},
  journal	= {J. Algebra},
  fjournal	= {Journal of Algebra},
  volume	= {248},
  year		= {2002},
  number	= {2},
  pages		= {608--668},
  doi		= {10.1006/jabr.2001.9033}
}

@Article{	  Connes1983,
  author	= {Connes, Alain},
  title		= {Cohomologie cyclique et foncteurs {${\mathrm{Ext}}^n$}},
  journal	= {C. R. Acad. Sci. Paris S\'{e}r. I Math.},
  fjournal	= {Comptes Rendus des S\'{e}ances de l'Acad\'{e}mie des
		  Sciences. S\'{e}rie I. Math\'{e}matique},
  volume	= {296},
  year		= {1983},
  number	= {23},
  pages		= {953--958},
}

@Article{	  Kambites2009,
  author	= {Mark Kambites},
  title		= {Formal Languages and Groups as Memory},
  journal	= {Communications in Algebra},
  volume	= {37},
  number	= {1},
  pages		= {193-208},
  year		= {2009},
  publisher	= {Taylor & Francis},
  doi		= {10.1080/00927870802243580},
  eprint        = {math/0601061},
  eprinttype	= {arXiv}
}

@InCollection{    sep-type-theory,
  author        = {Coquand, Thierry},
  title         = {{Type Theory}},
  booktitle     = {The {Stanford} Encyclopedia of Philosophy},
  editor        = {Edward N. Zalta},
  date          = {2018},
  publisher     = {Metaphysics Research Lab, Stanford University},
  url           = {https://plato.stanford.edu/archives/fall2018/entries/type-theory/}
}

@Article{	  Blass-Finite-Choice,
  author	= {Blass, Andreas},
  title		= {Cohomology detects failures of the axiom of choice},
  journal	= {Trans. Amer. Math. Soc.},
  fjournal	= {Transactions of the American Mathematical Society},
  volume	= {279},
  year		= {1983},
  number	= {1},
  pages		= {257--269},
  doi		= {10.2307/1999384}
}

@Article{	  Mostowski-Finite-Choice,
  author	= {Mostowski, Andrzej},
  title		= {Axiom of choice for finite sets},
  journal	= {Fund. Math.},
  fjournal	= {Polska Akademia Nauk. Fundamenta Mathematicae},
  volume	= {33},
  year		= {1945},
  pages		= {137--168},
  doi		= {10.4064/fm-33-1-137-168}
}

@Article{	  Truss-Finite-Choice,
  author	= {Truss, John},
  title		= {Finite axioms of choice},
  journal	= {Ann. Math. Logic},
  fjournal	= {Annals of Mathematical Logic},
  volume	= {6},
  year		= {1973/74},
  pages		= {147--176},
  doi		= {10.1016/0003-4843(73)90007-7}
}

@Book{		  Jech-AC,
  author	= {Jech, Thomas J.},
  title		= {The axiom of choice},
  series	= {Studies in Logic and the Foundations of Mathematics, Vol.
		  75},
  publisher	= {North-Holland Publishing Co., Amsterdam},
  year		= {1973},
  pages		= {xi+202}
}

@Article{	  Goedel2nd,
  author	= {G\"{o}del, Kurt},
  title		= {\"{U}ber formal unentscheidbare {S}\"{a}tze der
		  {P}rincipia {M}athematica und verwandter {S}ysteme {I}},
  journal	= {Monatsh. Math. Phys.},
  fjournal	= {Monatshefte f\"{u}r Mathematik und Physik},
  volume	= {38},
  year		= {1931},
  number	= {1},
  pages		= {173--198},
  doi		= {10.1007/BF01700692}
}

@Book{		  Smullyan-Goedel,
  author	= {Smullyan, Raymond M.},
  title		= {G\"{o}del's incompleteness theorems},
  series	= {Oxford Logic Guides},
  volume	= {19},
  publisher	= {The Clarendon Press, Oxford University Press, New York},
  year		= {1992},
  pages		= {xvi+139}
}

@Book{		  Heijenoort-source,
  author	= {van Heijenoort, Jean},
  title		= {From {Frege} to {G\"odel}: A Source Book in Mathematical
		  Logic, 1879--1931},
  series	= {Source Books in the History of the Sciences},
  publisher	= {Harvard University Press},
  year		= {2002},
  pages		= {xii+661}
}

@Book{		  Franzen-Goedel,
  author	= {Franzén, Torkel},
  title		= {{Gödel's Theorem}: An Incomplete Guide to Its Use and
		  Abuse},
  publisher	= {A.\ K.\ Peters},
  year		= {2005},
  pages		= {x+172}
}

@Article{	  Diaconescu,
  author	= {Diaconescu, Radu},
  title		= {Axiom of choice and complementation},
  journal	= {Proc. Amer. Math. Soc.},
  fjournal	= {Proceedings of the American Mathematical Society},
  volume	= {51},
  year		= {1975},
  pages		= {176--178}
}

@Article{	  Goodman-Myhill,
  author	= {Goodman, N. and Myhill, J.},
  title		= {Choice implies excluded middle},
  journal	= {Z. Math. Logik Grundlagen Math.},
  fjournal	= {Zeitschrift f\"{u}r Mathematische Logik und Grundlagen der
		  Mathematik},
  volume	= {24},
  year		= {1978},
  number	= {5},
  pages		= {461},
  doi		= {10.1002/malq.19780242514}
}

@Book{		  Bishop,
  author	= {Bishop, Errett},
  title		= {Foundations of constructive analysis},
  publisher	= {McGraw-Hill Book Co., New York},
  year		= {1967},
  pages		= {xiii+370}
}

@Article{         Furstenberg,
  author        = {Furstenberg, Harry},
  title         = {The inverse operation in groups},
  journal       = {Proc. Amer. Math. Soc.},
  fjournal      = {Proceedings of the American Mathematical Society},
  volume        = {6},
  year          = {1955},
  pages         = {991--997},
  doi           = {10.2307/2033124}
}

@Article{         KapLum,
  doi           = {10.4171/jems/1050},
  year          = {2021},
  month         = mar,
  publisher     = {European Mathematical Society - {EMS} - Publishing House
                  {GmbH}},
  volume        = {23},
  number        = {6},
  pages         = {2071--2126},
  author        = {Krzysztof Kapulkin and Peter LeFanu Lumsdaine},
  title         = {The simplicial model of Univalent Foundations (after
                  {V}oevodsky)},
  journal       = {Journal of the European Mathematical Society}
}

@InCollection{    BezCoqHub,
  author        = {Bezem, Marc and Coquand, Thierry and Huber, Simon},
  title         = {A model of type theory in cubical sets},
  booktitle     = {19th {I}nternational {C}onference on {T}ypes for {P}roofs
                  and {P}rograms},
  series        = {LIPIcs. Leibniz Int. Proc. Inform.},
  volume        = {26},
  pages         = {107--128},
  publisher     = {Schloss Dagstuhl. Leibniz-Zent. Inform., Wadern},
  year          = {2014},
  doi           = {10.4230/LIPIcs.TYPES.2013.107}
}

@Misc{            EscardoFactorial,
  Author          = {Escardó, Martín},
  Title           = {UF-Factorial},
  Note            = {Agda formalization},
  URL             = {https://www.cs.bham.ac.uk/~mhe/TypeTopology/UF-Factorial.html},
  Year            = {2019}
}

@InCollection{    LuetzenFunction,
  Edition         = {1},
  Title           = {Between Rigor and Applications: Developments in the Concept of
                    Function in Mathematical Analysis},
  ISBN            = {978-1-139-05352-5},
  ShortTitle      = {Between Rigor and Applications},
  Pages           = {468--487},
  BookTitle       = {The Cambridge History of Science},
  Publisher       = {Cambridge University Press},
  Author          = {Lützen, Jesper},
  Editor          = {Nye, Mary Jo},
  Date            = {2001-01-01},
  DOI             = {10.1017/CHOL9780521571999.026}
}

@Article{         KleinerFunction,
  Author          = {Israel Kleiner},
  Title           = {Evolution of the Function Concept: A Brief Survey},
  Journal         = {The College Mathematics Journal},
  Volume          = {20},
  Number          = {4},
  Pages           = {282-300},
  Year            = {1989},
  Publisher       = {Taylor & Francis},
  DOI             = {10.1080/07468342.1989.11973245}
}

@Book{            WhetstoneOfWitte,
  Author          = {Robert Recorde and John Kingston},
  Title           = {The whetstone of witte: whiche is the seconde parte of Arithmetike,
                    containyng thextraction of rootes, the cossike practise, with the
                    rule of equation, and the woorkes of surde nombers},
  URL             = {https://archive.org/details/TheWhetstoneOfWitte},
  Year            = {1557},
  Publisher       = {Imprynted at London: By Ihon Kyngstone}
}

@Article{         Swan2022,
  Author          = {Andrew W. Swan},
  Title           = {On the Nielsen--Schreier Theorem in Homotopy Type Theory},
  Journal         = {Log. Methods Comput. Sci.},
  Volume          = {18},
  Number          = {1},
  Year            = {2022},
  DOI             = {10.46298/lmcs-18(1:18)2022}
}


@Book{            Yaglom1988,
  Author          = {Yaglom, I. M.},
  Title           = {Felix {Klein} and {Sophus} {Lie}. {Evolution} of the idea of
                    symmetry in the nineteenth century.},
  Edition         = {Transl. from the {Russian} by {Sergei} {Sossinsky}. {Ed}. by
                    {Hardy} {Grant} and {Abe} {Shenitzer}},
  Year            = {1988},
  Pages           = {xii+237},
  Publisher       = {Birkh\"{a}user Boston, Inc., Boston, MA}
}


@Book{		  Hatcher-AlgTop,
  author	= {Hatcher, Allen},
  title		= {Algebraic {Topology}},
  publisher	= {Cambridge University Press},
  year		= {2001},
  pages		= {xii+551},
  isbn		= {978-0-521-79540-1},
  url		= {https://pi.math.cornell.edu/~hatcher/AT/AT.pdf}
}

@Book{		  May-Concise,
  author	= {May, J. P.},
  title		= {A concise course in algebraic topology},
  series	= {Chicago Lectures in Mathematics},
  publisher	= {University of Chicago Press, Chicago, IL},
  year		= {1999},
}

@Book{		  MayPonto-MoreConcise,
  author	= {May, J. P. and Ponto, K.},
  title		= {More concise algebraic topology},
  series	= {Chicago Lectures in Mathematics},
  note		= {Localization, completion, and model categories},
  publisher	= {University of Chicago Press, Chicago, IL},
  year		= {2012},
}

@Misc{            Warn2023,
  Author          = {Wärn, David},
  Title           = {Path spaces of pushouts},
  Note            = {Preprint},
  Year            = {2023},
  URL             = {https://dwarn.se/po-paths.pdf}
}

@Misc{            Warn-EM,
  Author          = {Wärn, David},
  Title           = {Eilenberg-MacLane spaces and stabilisation in homotopy type theory},
  Year            = {2023},
  EPrint          = {2301.03685},
  ArchivePrefix   = {arXiv},
  PrimaryClass    = {math.AT}
}

@Misc{            Riehl2023,
  Title           = {Could $\infty$-category theory be taught to undergraduates?},
  Author          = {Emily Riehl},
  Year            = {2023},
  EPrint          = {2302.07855},
  ArchivePrefix   = {arXiv},
  PrimaryClass    = {math.CT}
}

@Article{         RiehlShulman2017,
  Author          = {Riehl, Emily and Shulman, Michael},
  Title           = {A type theory for synthetic {$\infty$}-categories},
  Journal         = {High. Struct.},
  fjournal        = {Higher Structures},
  Volume          = {1},
  Year            = {2017},
  Number          = {1},
  Pages           = {147--224},
  DOI             = {10.1007/s42001-017-0005-6}
}

@Book{            RiehlContext,
  Author          = {Riehl, Emily},
  Title           = {Category Theory in Context},
  Year            = {2016},
  Publisher       = {Dover Publications},
  Series          = {Aurora: Modern Math Originals},
  URL             = {https://math.jhu.edu/~eriehl/context/}
}

@Article{         Artin1947,
  Author          = {Artin, E.},
  Title           = {Theory of braids},
  Journal         = {Ann. of Math. (2)},
  fjournal        = {Annals of Mathematics. Second Series},
  Volume          = {48},
  Year            = {1947},
  Pages           = {101--126},
  DOI             = {10.2307/1969218}
}

@Article{         Artin1925,
  Author          = {Artin, Emil},
  Title           = {Theorie der {Z}\"{o}pfe},
  Journal         = {Abh. Math. Sem. Univ. Hamburg},
  fjournal        = {Abhandlungen aus dem Mathematischen Seminar der Universit\"{a}t
                    Hamburg},
  Volume          = {4},
  Year            = {1925},
  Number          = {1},
  Pages           = {47--72},
  DOI             = {10.1007/BF02950718}
}


@Misc{            TrimbleEpisSurjective,
  Author          = {Todd Trimble},
  Title           = {Monomorphisms in the category of groups},
  HowPublished    = {\url{https://ncatlab.org/toddtrimble/published/monomorphisms+in+the+category+of+groups}},
  Month           = jan,
  Year            = 2020
}

@Misc{            SinhaMO,
  Title           = {Geometric model for classifying spaces of alternating groups},
  Author          = {Dev Sinha},
  HowPublished    = {MathOverflow},
  URL             = {https://mathoverflow.net/q/30113}
}

@Article{         Kuperberg1996,
  Author          = {Kuperberg, Greg},
  Title           = {Noninvolutory {H}opf algebras and {$3$}-manifold invariants},
  Journal         = {Duke Math. J.},
  fjournal        = {Duke Mathematical Journal},
  Volume          = {84},
  Year            = {1996},
  Number          = {1},
  Pages           = {83--129},
  DOI             = {10.1215/S0012-7094-96-08403-3}
}

@Misc{            MangelRijke2023,
  Title           = {Delooping the sign homomorphism in univalent mathematics},
  Author          = {Éléonore Mangel and Egbert Rijke},
  Year            = {2023},
  EPrint          = {2301.10011},
  ArchivePrefix   = {arXiv},
  PrimaryClass    = {math.GR},
}

@Misc{            MilneGT,
  Author          = {Milne, James S.},
  Title           = {Group Theory},
  Year            = {2021},
  Note            = {v4.00},
  URL             = {https://jmilne.org/math/CourseNotes/gt.html},
  Pages           = {139}
}

@Book{            DummitFoote,
  Author          = {Dummit, David S. and Foote, Richard M.},
  Title           = {Abstract algebra},
  Edition         = {Third},
  Publisher       = {John Wiley \& Sons, Inc.},
  Address         = {Hoboken, NJ},
  Year            = {2004},
  Pages           = {xii+932},
}

@Book{            Rotman,
  Author          = {Rotman, Joseph J.},
  Title           = {An introduction to the theory of groups},
  Series          = {Graduate Texts in Mathematics},
  Volume          = {148},
  Edition         = {Fourth},
  Publisher       = {Springer-Verlag},
  Address         = {New York},
  Year            = {1995},
  Pages           = {xvi+513},
  DOI             = {10.1007/978-1-4612-4176-8},
}

@Book{        giraud1971,
  author    = {Giraud, Jean},
  title     = {Cohomologie non ab\'{e}lienne},
  note      = {Die Grundlehren der mathematischen Wissenschaften, Band
              179},
  publisher = {Springer-Verlag, Berlin-New York},
  year      = {1971},
  pages     = {ix+467}
}

@Article{         Douglas1951I,
  Author          = {Douglas, Jesse},
  Title           = {On finite groups with two independent generators. {I--IV}},
  Journal         = {Proc. Nat. Acad. Sci. U.S.A.},
  fjournal        = {Proceedings of the National Academy of Sciences of the United
                    States of America},
  Volume          = {37},
  Year            = {1951},
  Pages           = {604--610, 677--691, 749--760, 808--813},
  DOI             = {10.1073/pnas.37.9.604},
  related         = {Douglas1951II,Douglas1951III,Douglas1951IV},
  relatedtype     = {samevol}
}

@Article{         Douglas1951II,
  DOI = {10.1073/pnas.37.10.677}
}

@Article{         Douglas1951III,
  DOI = {10.1073/pnas.37.11.749}
}

@Article{         Douglas1951IV,
  DOI = {10.1073/pnas.37.12.808}
}

@Article{         Douglas1961,
  Author          = {Douglas, Jesse},
  Title           = {On the supersolvability of bicyclic groups},
  Journal         = {Proc. Nat. Acad. Sci. U.S.A.},
  fjournal        = {Proceedings of the National Academy of Sciences of the United
                    States of America},
  Volume          = {47},
  Year            = {1961},
  Pages           = {1493--1495},
  DOI             = {10.1073/pnas.47.9.1493}
}
